% =============================================================================
% BIBLIOGRAPHIE (bibliographie.bib)
% -----------------------------------------------------------------------------
% Dies ist deine zentrale Literaturdatenbank. Füge hier alle deine
% Quellen ein und zitiere sie im Text mit \cite{zitierschlüssel}.
% =============================================================================

% --- BEISPIELEINTRAG ---
@book{knuth1984texbook,
  author    = {Knuth, Donald E.},
  title     = {The TeXbook},
  publisher = {Addison-Wesley Professional},
  year      = {1984},
  address   = {Reading, Massachusetts},
  isbn      = {0-201-13448-9}
}

% -------------------------
% STANDARDWERKE & ARTIKEL
% -------------------------

@book{buchbeispiel,
  author    = {Autor, Vorname},
  title     = {Titel des Buches},
  publisher = {Verlag},
  year      = {Jahr},
  address   = {Verlagsort},
  edition   = {Auflage},
  note      = {Zusätzliche Anmerkungen}
}

@article{artikelbeispiel,
  author  = {Autor, Vorname and Zweitautor, Vorname},
  title   = {Titel des Artikels},
  journal = {Name der Fachzeitschrift},
  year    = {Jahr},
  volume  = {Band},
  number  = {Ausgabennummer},
  pages   = {Startseite--Endseite},
  month   = {Monat},
  doi     = {10.1000/xyz123}
}

@inproceedings{konferenzbeitrag,
  author    = {Autor, Vorname},
  title     = {Titel des Konferenzbeitrags},
  booktitle = {Name der Konferenz oder des Tagungsbandes},
  year      = {Jahr},
  editor    = {Herausgeber, Vorname},
  pages     = {Startseite--Endseite},
  address   = {Ort der Konferenz},
  publisher = {Verlag des Tagungsbandes}
}

@incollection{kapitelinbuch,
  author    = {Autor des Kapitels, Vorname},
  title     = {Titel des Kapitels},
  booktitle = {Titel des Sammelbandes},
  publisher = {Verlag},
  year      = {Jahr},
  editor    = {Herausgeber des Buches, Vorname},
  section   = {Kapitelnummer},
  pages     = {Startseite--Endseite}
}


% -------------------------
% ABSCHLUSSARBEITEN & BERICHTE
% -------------------------

@phdthesis{doktorarbeit,
  author  = {Autor, Vorname},
  title   = {Titel der Dissertation},
  school  = {Universität oder Hochschule},
  year    = {Jahr},
  address = {Ort der Hochschule},
  note    = {Art der Arbeit, z.B. Dissertation}
}

@mastersthesis{masterarbeit,
  author  = {Autor, Vorname},
  title   = {Titel der Masterarbeit},
  school  = {Universität oder Hochschule},
  year    = {Jahr},
  type    = {Masterarbeit} % Oder Bachelorarbeit etc.
}

@techreport{technischerbericht,
  author      = {Autor, Vorname},
  title       = {Titel des Berichts},
  institution = {Institution, die den Bericht herausgibt},
  year        = {Jahr},
  number      = {Berichtsnummer},
  type        = {Art des Berichts, z.B. Forschungsbericht}
}


% -------------------------
% INTERNETQUELLEN & SONSTIGES
% -------------------------

@online{webseite,
  author  = {Autor oder Organisation},
  title   = {Titel der Webseite oder des Online-Artikels},
  year    = {Jahr der Veröffentlichung},
  month   = {Monat der Veröffentlichung},
  url     = {https://www.beispiel.de/pfad/zur/seite},
  urldate = {JJJJ-MM-TT}, % Das Datum, an dem du die Seite besucht hast
  note    = {Zusätzliche Anmerkungen}
}

@misc{sonstiges,
  author = {Autor},
  title  = {Titel},
  year   = {Jahr},
  note   = {Dieser Typ ist ein Auffangbecken für alles, was sonst nirgendwo reinpasst, z.B. Software-Dokumentationen, Normen oder unveröffentlichte Manuskripte.}
}


% -------------------------
% SOFTWARE
% -------------------------

@online{meeker2023femm,
  author  = {Meeker, David C.},
  title   = {Finite Element Method Magnetics (FEMM)},
  year    = {2023},
  version = {4.2 (25Oct2023 Build)},
  url     = {https://www.femm.info/wiki/HomePage},
  urldate = {2025-10-20},
  note    = {Open-Source-Software zur Simulation von 2D-Magnetfeldproblemen}
}

@manual{mathworks2024matlab,
  title        = {MATLAB},
  organization = {The MathWorks, Inc.},
  year         = {2024},
  version      = {R2024b},
  address      = {Natick, Massachusetts, USA},
  note         = {Software für numerische Berechnungen und Simulation}
}


% -------------------------
% SELTENERE TYPEN
% -------------------------

@manual{softwaremanual,
  title        = {Titel des Handbuchs},
  author       = {Autor oder Entwicklerteam},
  organization = {Firma oder Organisation},
  year         = {Jahr},
  edition      = {Version oder Auflage},
  address      = {Ort}
}

@proceedings{tagungsband,
  title     = {Titel des Tagungsbandes},
  year      = {Jahr},
  editor    = {Herausgeber, Vorname},
  publisher = {Verlag},
  address   = {Verlagsort}
}

@unpublished{unveroeffentlicht,
  author = {Autor, Vorname},
  title  = {Titel des Manuskripts},
  note   = {Wichtige Anmerkung, z.B. "Zur Veröffentlichung eingereicht" oder "Persönliche Kommunikation"},
  year   = {Jahr},
  month  = {Monat}
}